@article{PonMirIba1998,
    author = "Pons, J. A. and Miralles, J. A. and Ibanez, J. M.",
    title = "{Legendre expansion of the neutrino - anti-neutrino \ensuremath{<}---\ensuremath{>} e+ e- kernel: Influence of high order terms}",
    eprint = "astro-ph/9802333",
    archivePrefix = "arXiv",
    doi = "10.1051/aas:1998189",
    journal = "Astron. Astrophys. Suppl. Ser.",
    volume = "129",
    pages = "343",
    year = "1998"
}

@article{MccHau2010,
	title={Robust and accurate filtered spherical harmonics expansions for radiative transfer},
	author={Ryan G. McClarren and Cory D. Hauck},
	journal={J. Comput. Phys.},
	year={2010},
	volume={229},
	pages={5597-5614}
}